# Hint: Most bibtex styles change the title to lowercase (except for the first character).
#       In our opinion, this does not make sense - regardless the language --, since the
#       title is a *quote* and should be printed exactly as in the cited paper.
#       Putting the title in brackets (as shown below) prevents this behaviour.

@article{Brier:1950,
  author    = "G. Brier",
  title     = "{Verification of Forecasts expressed in Terms of Probability}",
  journal   = "Monthly Weather Review",
  volume    = "78",
  number    = "1",
  pages     = "1--3",
  publisher = "American Meteorological Society",
  year      = "1950",
  note      = {\url{http://docs.lib.noaa.gov/rescue/mwr/078/mwr-078-01-0001.pdf}},
  address   = "Washington, D.C."
}

@article{Cohen:1994,
  author    = "J. Cohen",
  title     = "{The Earth Is Round (p < .05)}",
  journal   = "American Psychologist",
  volume    = "49",
  number    = "12",
  pages     = "997--1003",
  publisher = "American Psychological Association",
  year      = "1994",
  note      = {\url{http://ist-socrates.berkeley.edu/~maccoun/PP279_Cohen1.pdf}},
}

@article{ErnstBanks:2002,
  author    = "M. Ernst and M. Banks",
  title     = "{Humans integrate visual and haptic information in a statisticaly optimal fashion}",
  journal   = "Nature",
  volume    = "415",
  pages     = "429--433",
  address   = "Berkely",
  year      = "2002",
  note      = {\url{http://www.cns.nyu.edu/~david/courses/perceptionGrad/Readings/ErnstBanks-Nature2002.pdf}},
}

@article{Galton:1907,
  author    = "F. Galton",
  title     = "{Vox populi}",
  journal   = "Nature",
  volume    = "75",
  pages     = "450f",
  year      = "1907",
  note      = {\url{http://galton.org/essays/1900-1911/galton-1907-vox-populi.pdf}},
}

@article{Gigerenzer:2007,
  author    = "G. Gigerenzer and others",
  title     = "{Helping Doctors and Patients Make Sense of Health Statistics}",
  journal   = "Psychological Science in the Public Interest",
  volume    = "8",
  number    = "2",
  pages     = "53--96",
  publisher = "American Psychological Society",
  year      = "2007",
  note      = {\url{http://library.mpib-berlin.mpg.de/ft/gg/GG_Helping_2008.pdf}},
}

@article{GriffithsTenenbaum:2006,
  author    = "T. Griffiths and J. Tenenbaum",
  title     = "{Optimal Predictions in Everyday Cognition}",
  journal   = "Psychological Science",
  volume    = "17",
  number    = "9",
  pages     = "767--773",
  publisher = "Association for Psychological Science",
  year      = "2006",
  note      = {\url{http://web.mit.edu/cocosci/Papers/Griffiths-Tenenbaum-PsychSci06.pdf}},
}

@article{Ioannides:2005,
  author    = "J. Ioannides",
  title     = "{Why Most Published Research Findings Are False}",
  journal   = "PLoS Medicine",
  volume    = "2",
  number    = "8",
  pages     = "696--701",
  year      = "2005",
  note      = {\url{http://www.plosmedicine.org/article/fetchObject.action?uri=info%3Adoi%2F10.1371%2Fjournal.pmed.0020124&representation=PDF}},
}

@book{Jeffrey:2004,
  author    = "R. Jeffrey",
  title     = "{Subjective Probability: The Real Thing}",
  publisher = "Cambridge University Press",
  year      = "2004",
  note      = {\url{http://www.princeton.edu/~bayesway/Book*.pdf}},
}

@book{Train:2003,
  author    = "K. Train",
  title     = "{Discrete Choice Methods with Simulation}",
  publisher = "Cambridge University Press",
  year      = "2003",
  note      = {\url{http://eml.berkeley.edu/books/train1201.pdf}},
}

@article{Krantz:1999,
  author    = "D. Krantz",
  title     = "{The Null Hypothesis Testing Controversy in Psychology}",
  journal   = "Journal of the American Statistical Association",
  volume    = "94",
  number    = "488",
  pages     = "1372--1381",
  publisher = "American Statistical Association",
  year      = "1999",
  note      = {\url{http://www.unt.edu/rss/class/mike/5030/articles/krantznhst.pdf}},
}

@article{Mozer:2008,
  author    = "M. Mozer and others",
  title     = "{Optimal Predictions in Everyday Cognition: The Wisdom of Individuals or Crowds?}",
  journal   = "Cognitive Science",
  volume    = "32",
  pages     = "1133--1147",
  publisher = "Cognitive Science Society",
  year      = "2008",
  note      = {\url{http://csjarchive.cogsci.rpi.edu/proceedings/2008/pdfs/p1051.pdf}},
}

@article{RumelhartGreeno:1971,
  author    = "D. Rumelhart and J. Greeno",
  title     = "{Similarity Between Stimuli: An Experimental Test of the Luce and Restle Choice Models}",
  journal   = "Journal of Mathematical Psychology",
  volume    = "8",
  pages     = "370--381",
  address   = "Michigan",
  year      = "1971",
  note      = {\url{http://deepblue.lib.umich.edu/bitstream/handle/2027.42/33598/0000102.pdf}},
}

@article{SedlmeierGigerenzer:2001,
  author    = "P. Sedlmeier and G. Gigerenzer",
  title     = "{Teaching Bayesian Reasoning in Less Than Two Hours}",
  journal   = "Journal of Experimental Psychology",
  volume    = "130",
  number    = "3",
  pages     = "380--400",
  publisher = "American Psychological Association",
  year      = "2001",
  note      = {\url{http://library.mpib-berlin.mpg.de/ft/ps/PS_Teaching_2001.pdf}},
}

@article{Swest:1961,
  author    = "J. Swets",
  title     = "{Is There a Sensory Threshold?}",
  journal   = "Science, New Series",
  volume    = "134",
  number    = "3473",
  pages     = "168--177",
  publisher = "American Association for the Advancement of Science",
  year      = "1961",
  note      = {\url{http://www.phon.ucl.ac.uk/courses/spsci/AUDL4007/threshold.pdf}},
}

@article{Swets:2000,
  author    = "J. Swets and others",
  title     = "{Psychological Science Can Improve Diagnostic Decisions}",
  journal   = "Psychological Science in the Public Interest,",
  volume    = "1",
  number    = "1",
  pages     = "1--26",
  publisher = "American Psychological Society",
  year      = "2000",
  note      = {\url{http://peterhancock.ucf.edu/Downloads/humanfactors_2/Advanced%20Signal%20Detection%20Lecture/Swets%20Dawes%20and%20Monahan%202000.pdf}},
}

@article{TverskyKahneman:1983,
  author    = "A. Tversky and D. Kahneman",
  title     = "{Extensional Versus Intuitive Reasoning: The Conjunction Fallacy in Probability Judgment}",
  journal   = "Psychological Review",
  volume    = "90",
  number    = "4",
  pages     = "293--315",
  publisher = "American Psychological Association",
  year      = "1983",
  note      = {\url{http://psy2.ucsd.edu/~mckenzie/TverskyKahneman1983PsychRev.pdf}},
}

@article{YonelinasParks:2007,
  author    = "A. Yonelinas and C. Parks",
  title     = "{Receiver Operating Characteristics (ROCs) in Recognition Memory: A Review}",
  journal   = "Psychological Bulletin",
  volume    = "133",
  number    = "5",
  pages     = "800--832",
  publisher = "American Psychological Association",
  year      = "2007",
  note      = {\url{https://faculty.unlv.edu/cparks/PDFs/Yonelinas%20&%20Parks,%202007%20%5bROC%20review%5d.pdf}},
}

@article{Aspinall:2010,
  author    = "W. Aspinall",
  title     = "{A route to more tractable expert advice}",
  journal   = "Nature",
  volume    = "463",
  pages     = "294f",
  address   = "Bristol",
  year      = "2010",
}

@article{Carrier:1983,
  author    = "C. Carrier",
  title     = "{Notetaking Research - Implications for the Classroom}",
  journal   = "Journal of Instructional Development",
  volume    = "6",
  number    = "3",
  pages     = "19--26",
  address   = "Minneapolis",
  year      = "1983",
}
